<?xml version="1.0" encoding="UTF-8"?><record xmlns="http://www.loc.gov/MARC21/slim" xmlns:cinclude="http://apache.org/cocoon/include/1.0" xmlns:zs="http://www.loc.gov/zing/srw/">
  <leader>00519cz  a2200145n  4500</leader>
  <controlfield tag="001">n  97006190 </controlfield>
  <controlfield tag="003">DLC</controlfield>
  <controlfield tag="005">20030107110025.0</controlfield>
  <controlfield tag="008">970121n| acannaab           |n aaa     c</controlfield>
  <datafield tag="010" ind1=" " ind2=" ">
    <subfield code="a">n  97006190 </subfield>
  </datafield>
  <datafield tag="040" ind1=" " ind2=" ">
    <subfield code="a">Uk</subfield>
    <subfield code="c">DLC</subfield>
    <subfield code="d">DLC</subfield>
  </datafield>
  <datafield tag="100" ind1="1" ind2="0">
    <subfield code="a">Antonov, Vladimir</subfield>
  </datafield>
  <datafield tag="667" ind1=" " ind2=" ">
    <subfield code="a">Data prepared by the British Library</subfield>
  </datafield>
  <datafield tag="667" ind1=" " ind2=" ">
    <subfield code="a">Cannot identify with Antonov, Vladimir (Vladimir Sergeevich) or Antonov, V. S. (Vladimir Semenovich)</subfield>
  </datafield>
  <datafield tag="670" ind1=" " ind2=" ">
    <subfield code="a">OKB Sukhoi--a history of the design bureau and its aircraft, 1996:</subfield>
    <subfield code="b">t.p. (Vladimir Antonov)</subfield>
  </datafield>
</record>